@TECHREPORT{Papavasiliou12couplingrenewable,
    author = {Anthony Papavasiliou and Anthony Papavasiliou},
    title = {Coupling Renewable Energy Supply with Deferrable Demand},
    institution = {},
    year = {2012}
}

@InProceedings{Papavasiliou2013,
    author={Papavasiliou, A.
    and Oren, S. S.},
    title={A comparative study of stochastic unit commitment and security-constrained unit commitment using high performance computing},
    booktitle={2013 European Control Conference (ECC)},
    year={2013},
    pages={2507-2512},
    keywords={parallel processing},
    keywords={power engineering computing},
    keywords={renewable energy sources},
    keywords={security of data},
    keywords={transmission networks},
    keywords={Benders decomposition},
    keywords={California ISO},
    keywords={Lagrangian relaxation},
    keywords={high performance computing},
    keywords={hybrid approach},
    keywords={large-scale integration},
    keywords={locational reserves},
    keywords={parallel algorithms},
    keywords={power flow constraints},
    keywords={renewable energy supply},
    keywords={renewable resources},
    keywords={scenario-based security-constrained commitment},
    keywords={security-constrained unit commitment},
    keywords={stochastic unit commitment},
    keywords={transmission network},
    keywords={western electricity coordinating council},
    keywords={Biological system modeling},
    keywords={Computational modeling},
    keywords={Generators},
    keywords={Load modeling},
    keywords={Production},
    keywords={Stochastic processes},
    keywords={Uncertainty}
}

@misc{mitchell2011pulp,
  title={PuLP: a linear programming toolkit for python. The University of Auckland, Auckland, New Zealand},
  author={Mitchell, Stuart and OSullivan, Michael and Dunning, Iain},
  year={2011}
}